CTLuse_article_number = "yes",
CTLuse_paper = "yes",
CTLuse_forced_etal = "no",
CTLmax_names_forced_etal = "10",
CTLnames_show_etal = "1",
CTLuse_alt_spacing = "yes",
CTLalt_stretch_factor = "4",
CTLdash_repeated_names = "yes",
CTLname_format_string = "{f. ̃}{vv ̃}{ll}{, jj}",
CTLname_latex_cmd = ""
CTLname_url_prefix = "[Online]. Available:"


@webpage{NUMATop,
author = {Yao Jin},
title = {NumaTOP: A tool for memory access locality characterization and analysis
},
howpublished = {https://01.org/numatop},
}

@INPROCEEDINGS{HyperTransport,
author={Duato, J.},
booktitle={WHTRA},
title={Beyond the power and memory walls: The role of HyperTransport in future system architectures},
year={2009},
month={February},
}

@Book{ displayStds,
title = { Display interfaces : fundamentals and standards},
author = { Myers, Robert L.},
publisher = { New York ; Chichester : Wiley },
year = { 2002 },
type = { Book; Book/Illustrated },
isbn = { 0471499463 },
subjects = { Information display systems; Video display terminals },
language = { English },
catalogue-url = { http://trove.nla.gov.au/work/16798803 }
}

@ARTICLE{opticalflow_fpga_gpu,
author={Pauwels, K. and Tomasi, M. and Diaz Alonso, J. and Ros, E. and Van Hulle, M.M.},
journal={Computers, IEEE Transactions on},
title={A Comparison of FPGA and GPU for Real-Time Phase-Based Optical Flow, Stereo, and Local Image Features},
year={2012},
month={July},
volume={61},
number={7},
pages={999-1012},
keywords={field programmable gate arrays;graphics processing units;image sequences;FPGA;GPU design strategy;GPU device;low-level computer vision algorithm;ocal image features;optimizing system development;real-time architecture;real-time phase-based optical flow;real-time system designer;Computer architecture;Convolution;Field programmable gate arrays;Graphics processing unit;Kernel;Pixel;Real time systems;Reconfigurable hardware;computer vision;graphics processors;motion;real-time systems;stereo.},
doi={10.1109/TC.2011.120},
ISSN={0018-9340},
}

@INPROCEEDINGS{klt_cg_01,
author={Zach, C. and Gallup, D. and Frahm, J.-M.},
booktitle={Computer Vision and Pattern Recognition Workshops, 2008. CVPRW '08. IEEE Computer Society Conference on},
title={Fast gain-adaptive KLT tracking on the GPU},
year={2008},
month={June},
pages={1-7},
keywords={feature extraction;image processing equipment;image resolution;GPU;KLT feature tracking;global gain ratio;graphics processing unit;video input;Acceleration;Application software;Cameras;Computer vision;Graphics;Hardware;Karhunen-Loeve transforms;Pixel;Runtime;Virtual reality},
doi={10.1109/CVPRW.2008.4563089},
ISSN={2160-7508},
}

@INPROCEEDINGS{klt_cg_02,
author={Ohmer, J.F. and Redding, N.J.},
booktitle={Digital Image Computing: Techniques and Applications (DICTA), 2008},
title={GPU-Accelerated KLT Tracking with Monte-Carlo-Based Feature Reselection},
year={2008},
month={Dec},
pages={234-241},
keywords={Monte Carlo methods;computer graphic equipment;feature extraction;image registration;image sequences;optical tracking;GPU-accelerated KLT tracking;KLT algorithm;Kanade-Lucas-Tomasi feature tracker;Monte-Carlo-based approximation;Monte-Carlo-based feature reselection;computer vision;feature point set;frame registration;graphics processing unit;image sequence;Central Processing Unit;Computer vision;Graphics;Hardware;Image processing;Image sequences;Karhunen-Loeve transforms;Parallel processing;Sorting;Stability;Computer Vision;GPGPU;GPU;KLT;Real-Time;Tracking},
doi={10.1109/DICTA.2008.50},
}

@inproceedings{klt_cuda_01,
    hal_id = {inria-00346710},
    url = {http://hal.inria.fr/inria-00346710},
    title = {{Real-time Dense and Accurate Parallel Optical Flow using CUDA}},
    author = {Marzat, Julien and Dumortier, Yann and Ducrot, Andr{\'e}},
    language = {Anglais},
    affiliation = {IMARA - INRIA Rocquencourt},
    booktitle = {{International Workshop on Computer Vision and Its Application to Image Media Processing}},
    address = {Tokyo, Japon},
    audience = {internationale },
    year = {2008},
}

@inproceedings{klt_cuda_02,
 author = {Hannes Fassold, Jakub Rosner, Peter Schallauer and Werner Bailer},
 title = {Realtime KLT feature point tracking for high definition video},
 booktitle = {International Workshop on Computer Graphics, Computer Vision and Mathematics  (GraVisMa)},
 year = {2009},
 pages = {40-47},
 numpages = {8},
 url = {http://gaupdate.wordpress.com/2010/02/12/proc-gravisma-2009-online/},
}

@INPROCEEDINGS{klt_cuda_03,
author={Jun-Sik Kim and Myung Hwangbo and Kanade, T.},
booktitle={Computer Vision Workshops (ICCV Workshops), 2009 IEEE 12th International Conference on},
title={Realtime affine-photometric KLT feature tracker on GPU in CUDA framework},
year={2009},
month={Sept},
pages={886--893},
keywords={computational complexity;computer graphic equipment;computer graphics;computer vision;coprocessors;feature extraction;parallel programming;CUDA framework;GPU;Kanade-Lucas-Tomasi method;computational complexity;computer vision algorithms;parallel computing;realtime affine photometric KLT feature tracker;Cameras;Computational complexity;Computer architecture;Computer vision;Image motion analysis;Karhunen-Loeve transforms;Layout;Parallel processing;Tracking},
doi={10.1109/ICCVW.2009.5457608},
}

@IEEEtranBSTCTL{IEEEexample:BSTcontrol,
CTLuse_forced_etal = "yes",
CTLmax_names_forced_etal = "1",
CTLnames_show_etal = "1",
CTLname_url_prefix = "URL:"
}

@INPROCEEDINGS{SimICS,
author={Magnusson, P. and Werner, B.},
booktitle={Simulation Symposium, 1995., Proceedings of the 28th Annual},
title={Efficient memory simulation in SimICS},
year={1995},
month={Apr},
pages={62-73},
doi={10.1109/SIMSYM.1995.393593},
}

@INPROCEEDINGS{klt_fpga_01,
author={Wonjun Jang and Sungchan Oh and Gyeonghwan Kim},
booktitle={Intelligent Transportation Systems, 2009. ITSC '09. 12th International IEEE Conference on},
title={A hardware implementation of pyramidal KLT feature tracker for driving assistance systems},
year={2009},
month={Oct},
pages={1--6},
keywords={automated highways;computational complexity;computer vision;feature extraction;FPGA based implementation;Kanade-Lucas-Tomasi feature tracker;computational complexity;diverse illumination condition;feature extraction;histogram based intensity adaptive thresholding scheme;lost features reselection;pyramidal KLT feature tracker implementation;vision based driving assistance system;Computational complexity;Feature extraction;Field programmable gate arrays;Hardware;Histograms;Karhunen-Loeve transforms;Lighting;Parallel processing;Real time systems;Sorting;Component;FPGA-based hardware implementation;KLT;feature tracker;vision-based driving assistance systems},
doi={10.1109/ITSC.2009.5309680},
}

@ARTICLE{simpleScalar,
author={Austin, T. and Larson, E. and Ernst, D.},
journal={Computer},
title={SimpleScalar: an infrastructure for computer system modeling},
year={2002},
month={Feb},
volume={35},
number={2},
pages={59-67},
doi={10.1109/2.982917},
ISSN={0018-9162},
}

@InProceedings{LLVMCGO04,
    author    = {Chris Lattner and Vikram Adve},
    title     = "{LLVM: A Compilation Framework for Lifelong Program Analysis \& Transformation}",
    booktitle = "{CGO}",
    address   = {Palo Alto, California},
    month     = {Mar},
    year      = {2004}
}

@misc{omap3530,
  title={OMAP3530 Application Processors},
  author={{Texas Instruments}},
  url = {http://www.ti.com/product/omap3530},
}

@misc{kaveri,
  title={AMD A10-7850K APU},
  author={AMD},
  url = {http://www.amd.com/us/products/desktop/processors/a-series/Pages/nextgenapu.aspx#1},
}

@misc{zynq,
  title={Zynq-7000 All Programmable SoC},
  author={Xilinx},
  url = {http://www.xilinx.com/products/silicon-devices/soc/zynq-7000/},
}

@misc{convey,
  title={Hybrid Core Computing},
  author={{Convey Computer}},
  url = {http://www.conveycomputer.com/},
}

@misc{bwa-mem,
  title={ Aligning sequence reads, clone sequences and assembly contigs with
BWA-MEM.},
  year = {2013},
  author={Heng Li},
  url = {arXiv: 1303.3997 [q-bio.GN]},
}

@misc{bwa-code,
  title={An Implementation of BWA Sequence Alignment Algorithm.},
  url = {https://github.com/lh3/bwa},
}

@misc{nvprof_nvvp,
  title={NVPROF and NVVP, Nvidia Command-line and Visual Profilers},
  author={Nvidia},
  url = {http://docs.nvidia.com/cuda/profiler-users-guide},
}

@book{CudaBook,
 author = {Sanders, Jason and Kandrot, Edward},
 title = {CUDA by Example: An Introduction to General-Purpose GPU Programming},
 year = {2010},
 isbn = {0131387685, 9780131387683},
 edition = {1st},
 publisher = {Addison-Wesley Professional},
}

@misc{CUDAGuide,
  title={Compute Unified Device Architecture Programming Guide Version 5.5},
  author={{Nvidia}},
  url = {http://www.docs.nvidia.com/cuda/cuda-c-programming-guide},
}

@misc{GeForceGT640,
  title={GeForce GT 640 Specifications},
  author={{Nvidia}},
  month = {April},
  year={2012},
  url = {http://www.geforce.com/hardware/desktop-gpus/geforce-gt640/specifications},
}

@misc{DwarfIntroduction,
  title={Introduction to the DWARF debugging format},
  author={Eager, Michael J and Consulting, Eager},
  month = {Dec},
  year = {2009},
  url = {http://dwarfstd.org},
}

@MISC{nbody_code,
author = {Hut, P. Makino, J. and McMillan, S.},
title = {N-body integrator with a shared but variable time step using the Hermite integration scheme},
url = {http://www.sns.ias.edu/~piet/act/comp/algorithms/starter/nbody_sh1.html}
}

@article{NBODY,
   author = {Hut, P. and Makino, J. and McMillan, S.},
    title = {Building a better leapfrog},
 keywords = {ALGORITHMS, ASTRODYNAMICS, CELESTIAL MECHANICS, ENERGY CONSERVATION, STAR CLUSTERS, STEP FUNCTIONS, COMPUTER PROGRAMS, COMPUTERIZED SIMULATION, DYNAMIC MODELS, ELLIPTICAL ORBITS},
     year = {1995},
    month = {apr},
   volume = {443},
    pages = {L93-L96},
      doi = {10.1086/187844},
   adsurl = {http://adsabs.harvard.edu/abs/1995ApJ},
  adsnote = {Provided by the SAO/NASA Astrophysics Data System}
}

@article{MemoryWall,
 author = {Wulf, Wm. A. and McKee, Sally A.},
 title = {Hitting the Memory Wall: Implications of the Obvious},
 journal = {SIGARCH Comput. Archit. News},
 issue_date = {March 1995},
 volume = {23},
 number = {1},
 month = mar,
 year = {1995},
 issn = {0163-5964},
 pages = {20--24},
 numpages = {5},
 doi = {10.1145/216585.216588},
 acmid = {216588},
 publisher = {ACM},
 address = {New York, NY, USA},
}

@inproceedings{simpoints,
 author = {Sherwood, Timothy and Perelman, Erez and Hamerly, Greg and Calder,
 Brad},
 title = {Automatically characterizing large scale program behavior},
 booktitle = {Proceedings of the 10th international conference on Architectural
support for programming languages and operating systems},
 series = {ASPLOS X},
 year = {2002},
 isbn = {1-58113-574-2},
 location = {San Jose, California},
 pages = {45--57},
 numpages = {13},
 url = {http://doi.acm.org/10.1145/605397.605403},
 doi = {10.1145/605397.605403},
 acmid = {605403},
 publisher = {ACM},
 address = {New York, NY, USA},
}

@inproceedings{pinpoints,
 author = {Patil, Harish and Cohn, Robert and Charney, Mark and Kapoor, Rajiv
and Sun, Andrew and Karunanidhi, Anand},
 title = {Pinpointing Representative Portions of Large Intel Itanium Programs
with Dynamic Instrumentation},
 booktitle = {Proceedings of the 37th annual IEEE/ACM International Symposium on
Microarchitecture},
 series = {MICRO 37},
 year = {2004},
 isbn = {0-7695-2126-6},
 location = {Portland, Oregon},
 pages = {81--92},
 numpages = {12},
 url = {http://dx.doi.org/10.1109/MICRO.2004.28},
 doi = {10.1109/MICRO.2004.28},
 acmid = {1038933},
 publisher = {IEEE Computer Society},
 address = {Washington, DC, USA},
} 

@MISC{Hewett_asurvey,
    author = {Elise Hewett},
    title = {A Survey of Static and Dynamic Analyzer Tools},
    year = {}
}

@article{profiler_survey_fpga,
	author = {Jason Tong and Mohammed Khalid},
	title = {Profiling Tools for FPGA-Based Embedded Systems: Survey and
Quantitative Comparison},
	journal = {Journal of Computers},
	volume = {3},
	number = {6},
	year = {2008},
	keywords = {Profiling Tools; FPGA; Embedded Systems; co-design},
	url =
{http://www.ojs.academypublisher.com/index.php/jcp/article/view/03060114}
}

@book{profiler_survey,
	title = {Survey of Software Monitoring and Profiling Tools},
	author = {Wun, Ben},
}

@article{CMPs,
author = {Olukotun, Kunle and Hammond, Lance and Laudon, James},
title = {Chip Multiprocessor Architecture: Techniques to Improve Throughput and
Latency},
journal = {Synthesis Lectures on Computer Architecture},
volume = {2},
number = {1},
pages = {1-145},
year = {2007},
doi = {10.2200/S00093ED1V01Y200707CAC003},
}


@INPROCEEDINGS{Energy60, 
author={Jingcao Hu and Marculescu, R.}, 
booktitle={Design, Automation and Test in Europe Conference and Exhibition,
2004. Proceedings}, 
title={Energy-aware communication and task scheduling for network-on-chip
architectures under real-time constraints}, 
year={2004}, 
volume={1}, 
pages={234-239 Vol.1}, 
doi={10.1109/DATE.2004.1268854}, 
ISSN={1530-1591},
}

@article{Future_Energy,
 author = {Borkar, Shekhar and Chien, Andrew A.},
 title = {The future of microprocessors},
 journal = {Commun. ACM},
 issue_date = {May 2011},
 volume = {54},
 number = {5},
 month = may,
 year = {2011},
 issn = {0001-0782},
 pages = {67--77},
 numpages = {11},
 url = {http://doi.acm.org/10.1145/1941487.1941507},
 doi = {10.1145/1941487.1941507},
 acmid = {1941507},
 publisher = {ACM},
 address = {New York, NY, USA},
} 

@INPROCEEDINGS{TECHSCALLING, 
author={Horowitz, M. and Dally, W.}, 
booktitle={ISSCC}, 
title={How scaling will change processor architecture}, 
year={2004}, 
pages={132-133 Vol.1}, 
doi={10.1109/ISSCC.2004.1332629}, 
ISSN={0193-6530},
}

INPROCEEDINGS{TECHSCALLING, 
author={Horowitz, M. and Dally, W.}, 
booktitle={Solid-State Circuits Conference, 2004. Digest of Technical Papers.
ISSCC. 2004 IEEE International}, 
title={How scaling will change processor architecture}, 
year={2004}, 
pages={132-133 Vol.1}, 
doi={10.1109/ISSCC.2004.1332629}, 
ISSN={0193-6530},
}

@inproceedings{Multicore,
	title = {Interconnections in multi-core architectures: Understanding mechanisms, overheads and scaling},
	shorttitle = {Interconnections in multi-core architectures},
	booktitle = {In Proceedings of the 32nd Annual International Symposium on Computer Architecture},
	publisher = {{IEEE} Computer Society},
	author = {Kumar, Rakesh and Zyuban, Victor and Tullsen, Dean M.},
	year = {2005},
	pages = {408–419},
}

@inproceedings{HybridInterconnect, 
author={Pham-Quoc, Cuong and Heisswolf, Jan and Werner, Stephan and Al-Ars, Zaid and Becker, Jurgen and Bertels, Koen}, 
booktitle={Design, Automation Test in Europe Conference Exhibition (DATE), 2013}, 
title={Hybrid interconnect design for heterogeneous hardware accelerators}, 
year={2013}, 
pages={843-846}, 
doi={10.7873/DATE.2013.178}, 
ISSN={1530-1591},
}

@incollection{AshrafROME13,
year={2014},
isbn={978-3-642-54419-4},
booktitle={Euro-Par 2013: Parallel Processing Workshops},
volume={8374},
series={Lecture Notes in Computer Science},
doi={10.1007/978-3-642-54420-0_72},
title={Evaluation Methodology for Data Communication-Aware Application Partitioning},
url={http://dx.doi.org/10.1007/978-3-642-54420-0_72},
publisher={Springer Berlin Heidelberg},
keywords={Application partitioning; Performance evaluation; Heuristic algorithms; Data communication analysis},
author={Ashraf, Imran and Ostadzadeh, S.Arash and Meeuws, Roel and Bertels, Koen},
pages={739-748}
}

@inproceedings{AshrafWoda12,
 author = {Ashraf, Imran and Ostadzadeh, S. Arash and Meeuws, Roel and Bertels, Koen},
 title = {Communication-aware HW/SW co-design for heterogeneous multicore platforms},
 booktitle = {Proceedings of the 2012 Workshop on Dynamic Analysis},
 series = {WODA 2012},
 year = {2012},
 isbn = {978-1-4503-1455-8},
 location = {Minneapolis, MN, USA},
 pages = {36--41},
 numpages = {6},
 url = {http://doi.acm.org/10.1145/04000801.2336806},
 doi = {10.1145/04000801.2336806},
 acmid = {2336806},
 publisher = {ACM},
 address = {New York, NY, USA},
} 

@webpage{ThirdDegree,
author = {Hewlett Packard},
title = {Third Degree},
howpublished = {http://h30097.www3.hp.com/developerstoolkit/tools.html},
}

@article{ATOM,
 author = {Srivastava, Amitabh and Eustace, Alan},
 title = {ATOM: a system for building customized program analysis tools},
 journal = {SIGPLAN Not.},
 issue_date = {June 1994},
 volume = {29},
 number = {6},
 month = jun,
 year = {1994},
 issn = {0362-1340},
 pages = {196--205},
 numpages = {10},
 url = {http://doi.acm.org/10.1145/773473.178260},
 doi = {10.1145/773473.178260},
 acmid = {178260},
 publisher = {ACM},
 address = {New York, NY, USA},
} 

@TECHREPORT{DynamoRIO,
    author = {Derek L. Bruening},
    title = {Efficient, Transparent and Comprehensive Runtime Code Manipulation},
    institution = {MIT},
    year = {2004}
}


@INPROCEEDINGS{DrMemory, 
author={Bruening, D. and Qin Zhao}, 
booktitle={Code Generation and Optimization (CGO), 2011 9th Annual IEEE/ACM International Symposium on}, 
title={Practical memory checking with Dr. Memory}, 
year={2011}, 
pages={213-223}, 
keywords={program debugging;software tools;storage allocation;Dr Memory;Linux;Windows;dedicated memory checking tools;freed memory;leak locating algorithms;low-level operating system;memory accesses;memory corruption;memory errors;memory-related errors;practical memory checking;programming bugs;reading uninitialized memory;Instruments;Kernel;Libraries;Monitoring;Registers;Resource management;Wrapping;Dynamic Optimization;Memory Checking;Shadow Memory}, 
doi={10.1109/CGO.2011.5764689},
}


@article{AutoParllCosy,
 author = {Tournavitis, Georgios and Wang, Zheng and Franke, Bj\"{o}rn and O'Boyle, Michael F.P.},
 title = {Towards a holistic approach to auto-parallelization: integrating profile-driven parallelism detection and machine-learning based mapping},
 journal = {SIGPLAN Not.},
 issue_date = {June 2009},
 volume = {44},
 number = {6},
 month = jun,
 year = {2009},
 issn = {0362-1340},
 pages = {177--187},
 numpages = {11},
 url = {http://doi.acm.org/10.1145/1543135.1542496},
 doi = {10.1145/1543135.1542496},
 acmid = {1542496},
 publisher = {ACM},
 address = {New York, NY, USA},
 keywords = {auto-parallelization, machine-learning based parallelism mapping, openmp, profile-driven parallelism detection},
} 

@INPROCEEDINGS{PolarisCompiler,
    author = {Bill Blume and Rudolf Eigenmann and Keith Faigin and John Grout and Jay Hoeflinger and David Padua and Paul Petersen and Bill Pottenger and Lawrence Rauchwerger and Peng Tu and Stephen Weatherford},
    title = {Polaris: The Next Generation in Parallelizing Compilers},
    booktitle = {Proceedings Of The Workshop On Languages and Compilers for Parallel Computing},
    year = {1994},
    pages = {10--11},
    publisher = {Springer-Verlag, Berlin/Heidelberg}
}

@inproceedings{AutoParllPolaris,
 author = {Rus, Silvius and Pennings, Maikel and Rauchwerger, Lawrence},
 title = {Sensitivity analysis for automatic parallelization on multi-cores},
 booktitle = {Proceedings of the 21st annual international conference on Supercomputing},
 series = {ICS '07},
 year = {2007},
 isbn = {978-1-59593-768-1},
 location = {Seattle, Washington},
 pages = {263--273},
 numpages = {11},
 url = {http://doi.acm.org/10.1145/1274971.1275008},
 doi = {10.1145/1274971.1275008},
 acmid = {1275008},
 publisher = {ACM},
 address = {New York, NY, USA},
 keywords = {multicore, parallelism, sensitivity analysis},
} 


@INPROCEEDINGS{CommCharcteriz, 
author={Barrow-Williams, N. and Fensch, C. and Moore, S.}, 
booktitle={Workload Characterization, 2009. IISWC 2009. IEEE International Symposium on}, 
title={A communication characterisation of Splash-2 and Parsec}, 
year={2009}, 
pages={86-97}, 
keywords={Linux;microprocessor chips;multi-threading;multiprocessing systems;Linux OS;Parsec;Splash-2;chip-multiprocessor;coherence protocol;communication characterisation;core granularities;data sharing;network-on-chip;parallelisation;program analysis;program run;thread granularities;thread mapping;Analytical models;Computational modeling;Computer simulation;Facial animation;Fluid dynamics;High performance computing;Oceans;Protocols;Rendering (computer graphics);Yarn}, 
doi={10.1109/IISWC.2009.5306792},
}

@incollection{polyhedralMPI,
year={2012},
isbn={978-3-642-33517-4},
booktitle={Recent Advances in the Message Passing Interface},
volume={7490},
series={Lecture Notes in Computer Science},
editor={Träff, JesperLarsson and Benkner, Siegfried and Dongarra, JackJ.},
doi={10.1007/978-3-642-33518-1_14},
title={Exact Dependence Analysis for Increased Communication Overlap},
url={http://dx.doi.org/10.1007/978-3-642-33518-1_14},
publisher={Springer Berlin Heidelberg},
keywords={Message passing; Compiler Analysis; Data Dependence Analysis; Polyhedral Model},
author={Pellegrini, Simone and Hoefler, Torsten and Fahringer, Thomas},
pages={89--99}
}

@inproceedings{Ernst2003WODA,
   author = {Michael D. Ernst},
   title = {Static and dynamic analysis: Synergy and duality},
   booktitle = {WODA 2003: Workshop on Dynamic Analysis},
   pages = {24-27},
   address = {Portland, Oregon},
   month = {May 9,},
   year = {2003}
}

@phdthesis{roelThesis,
  author  = "R.J. Meeuws",
  title   = "Quantitative Hardware Prediction Modeling for Hardware/Software Co-design",
  school  = "Delft University of Technology",
  address = "Delft, Netherlands",
  month   = "July",
  year    = "2012"
}

@ARTICLE{MICA, 
author={Hoste, K. and Eeckhout, L.}, 
journal={Micro, IEEE}, 
title={Microarchitecture-Independent Workload Characterization}, 
year={2007}, 
volume={27}, 
number={3}, 
pages={63-72}, 
doi={10.1109/MM.2007.56}, 
ISSN={0272-1732},
}

@book{cmpSim,
	title = {{CMP\$im:} A Pin-Based On-The-Fly Multi-Core Cache Simulator},
	shorttitle = {{CMP\$im}},
	author = {Jaleel, Aamer and Cohn, Robert S. and Luk, Chi-keung and Jacob, Bruce},
}

@inproceedings{TCPP2008,
	address = {Washington, {DC}, {USA}},
	series = {{RTCSA} '08},
	title = {New Tracing and Performance Analysis Techniques for Embedded Applications},
	isbn = {978-0-7695-3349-0},
	url = {http://dx.doi.org/10.1109/RTCSA.2008.14},
	doi = {10.1109/RTCSA.2008.14},
	urldate = {2013-03-07},
	booktitle = {Proceedings of the 2008 14th {IEEE} International Conference on Embedded and Real-Time Computing Systems and Applications},
	publisher = {{IEEE} Computer Society},
	author = {Hung, Shih-Hao and Huang, Shu-Jheng and Tu, Chia-Heng},
	year = {2008},
	pages = {143--152}
}

@inproceedings{ParallelTracer2010,
	address = {Piscataway, {NJ}, {USA}},
	series = {{ASPDAC} '10},
	title = {Trace-based performance analysis framework for heterogeneous multicore systems},
	isbn = {978-1-60558-837-7},
	urldate = {2012-10-23},
	booktitle = {Proceedings of the 2010 Asia and South Pacific Design Automation Conference},
	publisher = {{IEEE} Press},
	author = {Hung, Shih-Hao and Tu, Chia-Heng and Soon, Thean-Siew},
	year = {2010},
	pages = {19-–24}
}

inproceedings{ParallelTracer2010,
	address = {Piscataway, {NJ}, {USA}},
	series = {{ASPDAC} '10},
	title = {Trace-based performance analysis framework for heterogeneous multicore systems},
	isbn = {978-1-60558-837-7},
	url = {http://dl.acm.org/citation.cfm?id=1899721.1899726},
	urldate = {2012-10-23},
	booktitle = {Proceedings of the 2010 Asia and South Pacific Design Automation Conference},
	publisher = {{IEEE} Press},
	author = {Hung, Shih-Hao and Tu, Chia-Heng and Soon, Thean-Siew},
	year = {2010},
	pages = {19-–24}
}

@incollection{vampirTrace,
	title = {The Vampir Performance Analysis Tool-Set},
	isbn = {978-3-540-68564-7},
	url = {http://www.springerlink.com/content/kv841756110lv004/abstract/},
	urldate = {2013-01-23},
	booktitle = {Tools for High Performance Computing},
	publisher = {Springer Berlin Heidelberg},
	author = {Knüpfer, Andreas and Brunst, Holger and Doleschal, Jens and Jurenz, Matthias and Lieber, Matthias and Mickler, Holger and Müller, Matthias S. and Nagel, Wolfgang E.},
	editor = {Resch, Michael and Keller, Rainer and Himmler, Valentin and Krammer, Bettina and Schulz, Alexander},
	year = {2008},
	keywords = {Computer science},
	pages = {139--155}
}

@article{pinTools2010,
	title = {Analyzing Parallel Programs with Pin},
	volume = {43},
	issn = {0018-9162},
	doi = {10.1109/MC.2010.60},
	number = {3},
	journal = {Computer},
	author = {Bach, M. and Charney, M. and Cohn, R. and Demikhovsky, E. and Devor, T. and Hazelwood, K. and Jaleel, A. and Luk, Chi-Keung and Lyons, G. and Patil, H. and Tal, A.},
	month = mar,
	year = {2010},
	keywords = {analysis, analyzation;parallelizable, {applications;Pin;code}, behavior;parallel, binary, compilers;program, developer;software, diagnostics;, generation;data, {instrumentation;Linux;parallel}, instrumentation;software, {Linux;Microsoft}, loops;pintools;program, program, programming;program, races;memory, system, tools;runtime, Windows},
	pages = {34 --41},
}

@article{redux2003,
	title = {Redux: A Dynamic Dataflow Tracer},
	issn = {1571-0661},
	doi = {10.1016/S1571-0661(04)81047-8},
	number = {2},
	journal = {Electronic Notes in Theoretical Computer Science},
	author = {Nethercote, Nicholas and Mycroft, Alan},
	month = oct,
	year = {2003},
	pages = {149--170},
}

article{redux2003,
	title = {Redux: A Dynamic Dataflow Tracer},
	volume = {89},
	issn = {1571-0661},
	shorttitle = {{RV} '2003, Run-time Verification (Satellite Workshop of {CAV} '03)},
	url = {http://www.sciencedirect.com/science/article/pii/S1571066104810478},
	doi = {10.1016/S1571-0661(04)81047-8},
	number = {2},
	urldate = {2013-03-07},
	journal = {Electronic Notes in Theoretical Computer Science},
	author = {Nethercote, Nicholas and Mycroft, Alan},
	month = oct,
	year = {2003},
	pages = {149--170},
}

@inproceedings{heirman_pincomm2010,
	title = {{PinComm:} Characterizing Intra-application Communication for the Many-Core Era},
	doi = {10.1109/ICPADS.2010.56},
	booktitle = {{ICPADS}},
	author = {Heirman, W. and Stroobandt, D. and Miniskar, {N.R.} and Wuyts, R. and Catthoor, F.},
	month = dec,
	year = {2010},
	pages = {500--507},
}

inproceedings{heirman_pincomm2010,
	title = {{PinComm:} Characterizing Intra-application Communication for the Many-Core Era},
	shorttitle = {{PinComm}},
	doi = {10.1109/ICPADS.2010.56},
	booktitle = {2010 {IEEE} 16th International Conference on Parallel and Distributed Systems (ICPADS)},
	author = {Heirman, W. and Stroobandt, D. and Miniskar, {N.R.} and Wuyts, R. and Catthoor, F.},
	month = dec,
	year = {2010},
	pages = {500--507},
}

@article{heirman_communication_2009,
	title = {A communication profiler to optimize embedded resource usage},
	copyright = {I have retained and own the full copyright for this publication},
	url = {https://biblio.ugent.be/publication/820031},
	language = {eng},
	urldate = {2012-10-23},
	journal = {Annual Workshop on Circuits, Systems and Signal Processing, 20th, Proceedings},
	author = {Heirman, Wim and Stroobandt, Dirk and Miniskar, Narasinga Rao and Wuyts, Roel},
	year = {2009},
	pages = {HASH(0x57aafb8)--HASH(0x57aafb8)},
}

@article{valgrind2007,
	title = {Valgrind: a framework for heavyweight dynamic binary instrumentation},
	volume = {42},
	issn = {0362-1340},
	shorttitle = {Valgrind},
	url = {http://doi.acm.org/10.1145/1273442.1250746},
	doi = {10.1145/1273442.1250746},
	number = {6},
	urldate = {2013-03-06},
	journal = {{SIGPLAN} Not.},
	author = {Nethercote, Nicholas and Seward, Julian},
	month = jun,
	year = {2007},
	pages = {89--100},
}

@inproceedings{memcheckValgrind,
	address = {Berkeley, {CA}, {USA}},
	series = {{ATEC} '05},
	title = {Using Valgrind to detect undefined value errors with bit-precision},
	booktitle = {{USENIX ATC}},
	author = {Seward, Julian and Nethercote, Nicholas},
	year = {2005},
}

inproceedings{memcheckValgrind,
	address = {Berkeley, {CA}, {USA}},
	series = {{ATEC} '05},
	title = {Using Valgrind to detect undefined value errors with bit-precision},
	url = {http://dl.acm.org/citation.cfm?id=1247360.1247362},
	urldate = {2013-03-06},
	booktitle = {Proceedings of the annual conference on {USENIX} Annual Technical Conference},
	publisher = {{USENIX} Association},
	author = {Seward, Julian and Nethercote, Nicholas},
	year = {2005},
	pages = {2--2},
}

@phdthesis{valgrindThesis,
  author  = "Nethercote, Nicholas",
  title   = "Dynamic Binary Analysis and Instrumentation",
  school  = "University of Cambridge",
  address = "United Kingdom",
  month   = "November",
  year    = "2004"
}


@unpublished{Oprofile,
    author = {Cohen, Will},
    citeulike-article-id = {598753},
    howpublished = {http://people.redhat.com/wcohen/wwc2003},
    institution = {Red Hat},
    keywords = {chapter-performance},
    posted-at = {2006-04-24 20:58:51},
    priority = {2},
    title = {{Multiple Architecture Characterization of the Build Process with OProfile}},
    year = {2003},
    url = {http://oprofile.sourceforge.net/news/},
}


@inproceedings{paralax2010,
	address = {New York, {NY}, {USA}},
	series = {{PACT} '10},
	title = {The Paralax infrastructure: automatic parallelization with a helping hand},
	isbn = {978-1-4503-0178-7},
	shorttitle = {The Paralax infrastructure},
	url = {http://doi.acm.org/10.1145/1854273.1854322},
	doi = {10.1145/1854273.1854322},
	urldate = {2013-01-21},
	booktitle = {Proceedings of the 19th international conference on Parallel architectures and compilation techniques},
	publisher = {{ACM}},
	author = {Vandierendonck, Hans and Rul, Sean and De Bosschere, Koen},
	year = {2010},
	keywords = {semantic annotation, semi-automatic parallelization},
	pages = {389--400},
}

@article{rul_profile_based_2010,
	title = {A profile-based tool for finding pipeline parallelism in sequential programs},
	volume = {36},
	issn = {0167-8191},
	url = {http://www.sciencedirect.com/science/article/pii/S0167819110000840},
	doi = {10.1016/j.parco.2010.05.006},
	number = {9},
	urldate = {2013-01-21},
	journal = {Parallel Computing},
	author = {Rul, Sean and Vandierendonck, Hans and De Bosschere, Koen},
	month = sep,
	year = {2010},
	keywords = {Auto-parallelization, Coarse-grain parallelism, Feedback directed analysis, Pipeline parallelism, Profile-based parallelization},
	pages = {531--551},
}

@book{rul_dynamic_analysis,
	title = {A Dynamic Analysis Tool for Finding Coarse-Grain Parallelism},
	author = {Rul, Sean and Vandierendonck, Hans and Bosschere, Koen De},
}

@article{rul_function_2007,
	title = {Function level parallelism driven by data dependencies},
	volume = {35},
	issn = {0163-5964},
	url = {http://doi.acm.org/10.1145/1241601.1241612},
	doi = {10.1145/1241601.1241612},
	number = {1},
	urldate = {2012-10-29},
	journal = {{SIGARCH} Comput. Archit. News},
	author = {Rul, Sean and Vandierendonck, Hans and De Bosschere, Koen},
	month = mar,
	year = {2007},
	pages = {55--62},
}

@MISC{vectFabrics,
  author = "",
  title = "Pareon by Vector Fabrics B.V",
  organization = "",
  url = "{http://www.vectorfabrics.com/products}",
  address = "",
  month = "",
  year = "",
}

@article{kim_prospector2010,
	title = {Prospector: A Dynamic Data-Dependence Profiler To Help Parallel Programming},
	shorttitle = {Prospector},
	doi = {10.1109/MICRO.2010.49},
	number = {December},
	journal = {ccgatechedu},
	author = {Kim, H.},
	year = {2010},
	pages = {535--546},
}

@phdthesis{arashThesis,
  author  = "S.A. Ostadzadeh",
  title   = "Quantitative Application Data Flow Characterization for Heterogeneous Multicore Architectures",
  school  = "Delft University of Technology",
  address = "Delft, Netherlands",
  month   = "December",
  year    = "2012"
}

@article {paretoMO,
   author = {Akay, Bahriye},
   affiliation = {Department of Computer Engineering, Erciyes University, 38039 Melikgazi, Kayseri, Turkey},
   title = {Synchronous and asynchronous Pareto-based multi-objective Artificial Bee Colony algorithms},
   journal = {Journal of Global Optimization},
   publisher = {Springer Netherlands},
   issn = {0925-5001},
   keyword = {Business and Economics},
   pages = {1-31},
   url = {http://dx.doi.org/10.1007/s10898-012-9993-1},
   note = {10.1007/s10898-012-9993-1},
}

@INPROCEEDINGS{Schloegel99anew,
    author = {Kirk Schloegel and George Karypis and Vipin Kumar},
    title = {A New Algorithm for Multi-objective Graph Partitioning},
    booktitle = {In Proceedings of Europar},
    year = {1999},
    pages = {322--331},
    publisher = {Springer Verlag}
}

@article{NPHardProblems,
 author = {Tahaee, Seyed-Abdoreza and Jahangir, Amir Hossein},
 title = {A polynomial algorithm for partitioning problems},
 journal = {ACM Trans. Embed. Comput. Syst.},
 issue_date = {March 2010},
 volume = {9},
 number = {4},
 month = apr,
 year = {2010},
 issn = {1539-9087},
 pages = {34:1--34:38},
 articleno = {34},
 numpages = {38},
 url = {http://doi.acm.org/10.1145/1721695.1721700},
 doi = {10.1145/1721695.1721700},
 acmid = {1721700},
 publisher = {ACM},
 address = {New York, NY, USA},
 keywords = {NP-hard problems, Partitioning problem, hardware/software codesign, maximum flow minimum cut problem},
} 

@article{CLUSTALW,
author = {Julie D. Thompson and Desmond G. Higgins and Toby J. Gibson},
title = {{CLUSTAL W: improving the sensitivity of progressive multiple sequence alignment through sequence weighting, position-specific gap penalties and weight matrix choice}},
journal = {Nucleic Acids Research},
year = {1994},
masid = {10876643}
}

@MISC{clustalw_code,
author = {},
title = {Bio-bench: A Benchmark Suite for Bioinformatics Applications},
url = {http://www.ece.umd.edu/biobench/}
}


@article{SPLASH2,
 author = {Singh, Jaswinder Pal and Weber, Wolf-Dietrich and Gupta, Anoop},
 title = {SPLASH: Stanford parallel applications for shared-memory},
 journal = {SIGARCH Comput. Archit. News},
 issue_date = {March 1992},
 volume = {20},
 number = {1},
 month = mar,
 year = {1992},
 issn = {0163-5964},
 pages = {5--44},
 numpages = {40},
 url = {http://doi.acm.org/10.1145/130823.130824},
 doi = {10.1145/130823.130824},
 acmid = {130824},
 publisher = {ACM},
 address = {New York, NY, USA},
} 

@article{Lopez2003,
 author = {L\'{o}pez-Vallejo, Marisa and L\'{o}pez, Juan Carlos},
 title = {On the hardware-software partitioning problem: System modeling and partitioning techniques},
 journal = {ACM Trans. Des. Autom. Electron. Syst.},
 issue_date = {July 2003},
 volume = {8},
 number = {3},
 month = jul,
 year = {2003},
 issn = {1084-4309},
 pages = {269--297},
 numpages = {29},
 url = {http://doi.acm.org/10.1145/785411.785412},
 doi = {10.1145/785411.785412},
 acmid = {785412},
 publisher = {ACM},
 address = {New York, NY, USA},
 keywords = {Hardware-software co-design, clustering, cost functions, expert systems, fuzzy logic, general optimization procedures, hardware-software partitioning, system modeling},
} 

@article{buchty_survey_2012,
	title = {A survey on hardware-aware and heterogeneous computing on multicore processors and accelerators},
	volume = {24},
	copyright = {Copyright © 2011 John Wiley \& Sons, Ltd.},
	issn = {1532-0634},
	url = {http://onlinelibrary.wiley.com/doi/10.1002/cpe.1904/abstract},
	doi = {10.1002/cpe.1904},
	number = {7},
	urldate = {2012-11-02},
	journal = {Concurrency and Computation: Practice and Experience},
	author = {Buchty, Rainer and Heuveline, Vincent and Karl, Wolfgang and Weiss, Jan-Philipp},
	year = {2012},
	pages = {663–675}
}

@inproceedings{Li2000,
 author = {Li, Yanbing and Callahan, Tim and Darnell, Ervan and Harr, Randolph and Kurkure, Uday and Stockwood, Jon},
 title = {{Hardware-software Co-design of Embedded Reconfigurable Architectures}},
 series = {DAC '00},
 year = {2000},
 location = {Los Angeles, California, United States},
 pages = {507--512},
}

@inproceedings{Baleani2002,
 author = {Baleani, Massimo and Gennari, Frank and Jiang, Yunjian and Patel, Yatish and Brayton, Robert K. and Sangiovanni-Vincentelli, Alberto},
 title = {{HW/SW Partitioning and Code Generation of Embedded Control Applications on a Reconfigurable Architecture Platform}},
 series = {CODES '02},
 year = {2002},
 pages = {151--156},
}

@INPROCEEDINGS{Santambrogio2007,
author={Santambrogio, M.D. and Memik, S.O. and Rana, V. and Acar, U.A. and Sciuto, D.},
booktitle={ICCAD 2007},
title={{A Novel SoC Design Methodology Combining Adaptive Software and Reconfigurable Hardware}},
year={2007},
month={November},
pages={303--308},
keywords={MLTon-based programming environment;SoC design;adaptive software;application-specific features;dynamically reconfigurable SoC system;hardware acceleration;reconfigurable hardware;software component;software-based acceleration;hardware-software codesign;logic design;reconfigurable architectures;system-on-chip;},
ISSN={1092-3152},
}

@article{Gohringer2010,
author = {Diana Gohringer and Michael Hubner and Michael Benz and Jurgen Becker},
title = {{A Design Methodology for Application Partitioning and Architecture Development of Reconfigurable Multiprocessor Systems-on-Chip}},
journal ={FCCM'10},
year = {2010},
pages = {259-262},
publisher = {IEEE Computer Society},
address = {Los Alamitos, CA, USA},
}

@article{ayed2000,
	title = {An efficient heuristic for code partitioning},
	volume = {26},
	issn = {0167-8191},
	url = {http://dx.doi.org/10.1016/S0167-8191(99)00110-6},
	doi = {10.1016/S0167-8191(99)00110-6},
	number = {4},
	urldate = {2012-08-02},
	journal = {Parallel Comput.},
	author = {Ayed, Moez and Gaudiot, Jean-Luc},
	month = mar,
	year = {2000},
	keywords = {critical path, directed acyclic graph {(DAG)}, Distributed memory multiprocessor {(DMM)}, partition, processing element {(PE)}, task, task clustering, task graph, task merging},
	pages = {399–426},
}

@inproceedings{arash09-2,
  author = {S. A. Ostadzadeh and R. J. Meeuws and K Sigdel and K.L.M. Bertels },
  title     = {{A Multipurpose Clustering Algorithm for Task Partitioning in Multicore Reconfigurable Systems}},
  booktitle = {CISIS '09},
  year      = {2009},
  pages     = {663-668},
}

@article{wang2006,
  title={{Application Partitioning on Programmable Platforms Using the Ant Colony Optimization}},
  author={Wang, G. and Gong, W. and Kastner, R.},
  journal={Journal of Embedded Computing},
  volume={2},
  number={1},
  pages={119--136},
  year={2006},
  publisher={IOS Press}
}

@inproceedings{Q2ARC12,
author = {S. A. Ostadzadeh and R. J. Meeuws and I. Ashraf and C. Galuzzi and K.L.M. Bertels },
title = {{The $Q^2$ Profiling Framework: Driving Application Mapping for Heterogeneous Reconfigurable Platforms}},
year = {2012},
pages = {76-88},
month = {March},
booktitle = {Proceedings of the 8th International Symposium on Applied Reconfigurable Computing (ARC)},
}

@inproceedings{quad,
  author = {S. Arash Ostadzadeh and Roel Meeuws and Carlo Galuzzi and Koen Bertels},
  title = {{QUAD - A Memory Access Pattern Analyser}},
  booktitle = {ARC 2010},
  location = {Bangkok, Thailand},
  pages = {269--281},
  year = {2010},
}

@inproceedings{QUIPU,
author = {R. J. Meeuws and K Sigdel and Y. D. Yankova and K.L.M. Bertels },
title = {High Level Quantitative Interconnect Estimation for Early Design Space Exploration},
year = {2008},
pages = {317--320},
month = {December },
booktitle = {ICFPT '08}
}

@MISC{PETgit,
  title =        {{PET Source Repository at Github}},
  howpublished = "\url{http://imranashraf.github.com/PET}",
}

@inproceedings{galanis_partitioning_2005,
	title = {A partitioning methodology for accelerating applications in hybrid reconfigurable platforms},
	doi = {10.1109/DATE.2005.29},
	booktitle = {Design, Automation and Test in Europe, 2005. Proceedings},
	author = {Galanis, {M.D.} and Milidonis, A. and Theodoridis, G. and Soudris, D. and Goutis, {C.E.}},
	month = mar,
	year = {2005},
	pages = {247 -- 252 Vol. 3},
}

@inproceedings{leland_empirical_1994,
	title = {An empirical study of static load balancing algorithms},
	doi = {10.1109/SHPCC.1994.296707},
	booktitle = {Scalable High-Performance Computing Conference, 1994., Proceedings of the},
	author = {Leland, R. and Hendrickson, B.},
	month = may,
	year = {1994},
	pages = {682 --685},
}

@techreport{Chaco,
  author = {},
  year = {1993},
  month = {October},
  title = {The Chaco user's guide, version 1.0},
  url = {http://www.cs.sandia.gov/~bahendr/chaco.html},
  publisher = {Tech. Rep. SAND 93-2339, Sandia National Laboratories, Albuquerque, NM}
}

@INPROCEEDINGS{MartinChallenges, 
author={Martin, G.}, 
booktitle={43rd ACM/IEEE DAC},
title={Overview of the {MPSoC} design challenge}, 
year={2006}, 
pages={274--279}, 
doi={10.1109/DAC.2006.229245}, 
ISSN={0738-100X},
}

INPROCEEDINGS{HaritanChallenges,
author={Haritan, E. and Yagi, H. and Wolf, W. and Hattori, T. and Paulin, P. and Nohl, A. and Wingard, D. and Muller, M.}, 
booktitle={Design Automation Conference, 2008. DAC 2008. 45th ACM/IEEE}, 
title={Multicore design is the challenge! What is the solution?}, 
year={2008}, 
month={june}, 
volume={}, 
number={}, 
pages={128 -130}, 
doi={}, 
ISSN={0738-100X},
}

@article{sairaman2010,
	title = {A generalized framework for automatic code partitioning and generation in distributed systems},
	url = {http://scholarcommons.usf.edu/etd/1759},
	journal = {Graduate School Theses and Dissertations},
	author = {Sairaman, Viswanath},
	month = jun,
	year = {2010},
}



@article{RNG,
  author =	"George Marsaglia and Wai Wan Tsang",
  title =	"The Ziggurat Method for Generating Random Variables",
  journal =	"Journal of Statistical Software",
  volume =	"5",
  number =	"8",
  pages =	"1--7",
  day =  	"2",
  month =	"10",
  year = 	"2000",
  CODEN =	"JSSOBK",
  ISSN = 	"1548-7660",
  bibdate =	"2000-10-02",
  URL =  	"http://www.jstatsoft.org/v05/i08",
  accepted =	"2000-10-02",
  acknowledgement = "",
  keywords =	"",
  submitted =	"2000-04-15",
}

@inproceedings{Pin,
 author = {Luk, C.K. and et al.},
 title = {{Pin: Building Customized Program Analysis Tools with Dynamic Instrumentation}},
 booktitle = {PLDI '05},
 year = {2005},
 isbn = {1-59593-056-6},
 pages = {190--200},
 location = {Chicago, IL, USA},
 doi = {http://doi.acm.org/10.1145/1065010.1065034},
 publisher = {ACM},
 address = {New York, NY, USA},
 }

@MISC{Pin_Download,
  title = {{Pin: A Dynamic Binary Instrumentation Tool}},
  howpublished = {\url{www.pintool.org}}
}

@INPROCEEDINGS{KLT_LUCAS,
    author = {Bruce D. Lucas and Takeo Kanade},
    title = {{An Iterative Image Registration Technique with an Application to Stereo Vision}},
    booktitle = {},
    year = {1981},
    pages = {674--679},
}

@INPROCEEDINGS{KLT_SHI,
author={Jianbo Shi and Tomasi, C.},
booktitle={Computer Vision and Pattern Recognition, 1994. Proceedings CVPR '94., 1994 IEEE Computer Society Conference on},
title={{Good Features to Track}},
year={1994},
month={jun},
volume={},
number={},
pages={593 -600},
keywords={ Newton-Raphson style search methods; affine image transformations; disocclusions; feature monitoring; feature selection; feature-based; occlusions; performance; tracker; tracking; vision system; computer vision; feature extraction; tracking;},
doi={10.1109/CVPR.1994.323794},
ISSN={1063-6919},
}

@MISC{KLT_Download,
  title =        {{KLT: An Implementation of the Kanade-Lucas-Tomasi Feature Tracker}},
  url = "{http://www.ces.clemson.edu/~stb/klt/installation.html}"
}

@article{gprof,
 author = {Graham, Susan L. and Kessler, Peter B. and Mckusick, Marshall K.},
 title = {{Gprof: A Call Graph Execution Profiler}},
 journal = {SIGPLAN Not.},
 volume = {17},
 number = {6},
 year = {1982},
 issn = {0362-1340},
 pages = {120--126},
 }

@inproceedings{dwarv1,
author = {Y. D. Yankova and et al.},
title = {{DWARV: Delft Workbench Automated Reconfigurable VHDL Generator}},
year = {2007},
pages = {697-701},
month = {August },
booktitle = {In Proceedings of the 17th International Conference on Field Programmable Logic and Applications (FPL07)}
}

@inproceedings{dwarv2,
author = {Y. D. Yankova and G.K. Kuzmanov and K.L.M. Bertels and G. N. Gaydadjiev and Y. Lu and S. Vassiliadis },
title = {{DWARV: Delft Workbench Automated Reconfigurable {VHDL} Generator}},
year = {2007},
pages = {697-701},
booktitle = {Proc. of FPL07}
}

@article{Molen2004,
author = {S. Vassiliadis and et al.},
title = {{The MOLEN Polymorphic Processor}},
journal ={IEEE Transactions on Computers},
volume = {53},
number = {11},
issn = {0018-9340},
year = {2004},
pages = {1363-1375},
doi = {http://doi.ieeecomputersociety.org/10.1109/TC.2004.104},
publisher = {IEEE Computer Society},
address = {Los Alamitos, CA, USA},
}

@inproceedings{MOLENPROGPAR04,
   author = {Vassiliadis, Stamatis and Gaydadjiev, Georgi and Bertels, Koen and Moscu Panainte, Elena},
   affiliation = {Computer Engineering Laboratory, Electrical Engineering Dept., EEMCS, TU Delft, The Netherlands},
   title = {{The Molen Programming Paradigm}},
   booktitle = {Computer Systems: Architectures, Modeling, and Simulation},
   series = {Lecture Notes in Computer Science},
   editor = {Pimentel, Andy and Vassiliadis, Stamatis},
   publisher = {Springer Berlin / Heidelberg},
   pages = {1-10},
   volume = {3133},
   year = {2004}
}

@techreport{dwb,
author = {K.L.M. Bertels and et al. },
title = {{Developing Applications for Polymorphic Processors: The Delft WorkBench}},
year = {2006},
pages = {7},
month = {January},
institution={Delft University of Technology}
}

@inproceedings{arash09-1,
 author = {Ostadzadeh, S. Arash and Meeuws, Roel J. and Sigdel, Kamana and Bertels, Koen},
 title = {{A Clustering Framework for Task Partitioning Based on Function-level Data Usage Analysis}},
 booktitle = {FPGA '09},
 year = {2009},
 pages = {279--279},
 location = {Monterey, California, USA},
 }

@article{elena07,
 author = {Panainte, Elena Moscu and Bertels, Koen and Vassiliadis, Stamatis},
 title = {{The Molen Compiler for Reconfigurable Processors}},
 journal = {ACM Trans. Embed. Comput. Syst.},
 volume = {6},
 number = {1},
 year = {2007},
 doi = {http://doi.acm.org/10.1145/1210268.1210274},
 }

@inproceedings{Chu:2007,
 author = {Chu, Michael and Ravindran, Rajiv and Mahlke, Scott},
 title = {{Data Access Partitioning for Fine-grain Parallelism on Multicore Architectures}},
 booktitle = {Proceedings of the 40th Annual IEEE/ACM International Symposium on Microarchitecture},
 series = {MICRO 40},
 year = {2007},
 isbn = {0-7695-3047-8},
 pages = {369--380},
 numpages = {12},
 url = {http://dx.doi.org/10.1109/MICRO.2007.11},
 doi = {10.1109/MICRO.2007.11},
 acmid = {1331732},
 publisher = {IEEE Computer Society},
 address = {Washington, DC, USA},
} 



@article{trie,
 author = {Fredkin, Edward},
 title = {Trie memory},
 journal = {Commun. ACM},
 volume = {3},
 issue = {9},
 month = {September},
 year = {1960},
 issn = {0001-0782},
 pages = {490--499},
} 

@inproceedings{xquad,
author = {S. A. Ostadzadeh and M Corina and C. Galuzzi and K.L.M. Bertels },
title = {Runtime Extraction of Memory Access Information from the Application Source Code},
year = {2011},
month = {July},
booktitle = {to appear in the proceedings of the International Conference on High Performance Computing \& Simulation (HPCS)}
}

@MISC{Canny_USF,
  title =        {{Canny Edge Detector, Image Analysis Research Lab., USF}},
  howpublished = "\url{http://marathon.csee.usf.edu/edge/edge\_detection.html}",
}

@article{Canny86,
 author = {Canny, J},
 title = {A computational approach to edge detection},
 journal = {IEEE Trans. Pattern Anal. Mach. Intell.},
 volume = {8},
 issue = {6},
 month = {November},
 year = {1986},
 issn = {0162-8828},
 pages = {679--698},
} 

@inproceedings{SureshNVVS03,
  author    = {Dinesh C. Suresh and
               Walid A. Najjar and
               Frank Vahid and
               Jason R. Villarreal and
               Greg Stitt},
  title     = {Profiling tools for hardware/software partitioning of embedded
               applications},
  booktitle = {LCTES},
  year      = {2003},
  pages     = {189-198},
  crossref  = {DBLP:conf/lctrts/2003},
} 
@proceedings{DBLP:conf/lctrts/2003,
  title     = {Proceedings of the 2003 Conference on Languages, Compilers,
               and Tools for Embedded Systems (LCTES'03). San Diego, California,
               USA, June 11-13, 2003},
  booktitle = {LCTES},
  year      = {2003},
 }

@MISC{vtune,
  title =        {{vTune by Intel}},
  howpublished = "\url{http://software.intel.com/en-us/intel-vtune}",
}

@MISC{heapagent,
  title =        {{HeapAgent by MicroQuill}},
  howpublished = "\url{http://www.microquill.com/heapagent}",
}

@MISC{purify,
  title = {{Purify by IBM}},
  howpublished =
"\url{http://www-03.ibm.com/software/products/us/en/rational-purify-family}",
}

@MISC{insurepp,
  title = {{Insure++ by ParaSoft}},
  howpublished = "\url{http://www.parasoft.com/jsp/products/insure.jsp}",
}

@MISC{devpartner,
  title = {{DevPartner by Borland}},
  howpublished = "\url{http://www.borland.com/products/devpartner}",
}

@MISC{codeanalyst,
  title =        {{CodeAnalyst by AMD}},
  howpublished = "\url{http://developer.amd.com/cpu/codeanalyst}",
}

@MISC{cacheprof,
  title =        {{Cacheprof}},
  howpublished = "\url{http://www.cacheprof.org}",
}


@inproceedings{car08,
author = {C. Galuzzi and K.L.M. Bertels },
title = {A Framework for the Automatic Generation of Instruction-Set Extensions for Reconfigurable Architectures},
year = {2008},
pages = {280-286},
month = {March },
booktitle = {International Workshop on Applied Reconfigurable Computing (ARC)}
}

@PHDTHESIS{carlo08,
  AUTHOR =       {C. Galuzzi},
  TITLE =        {Automatically fused instructions - Algorithms for the customization of the instruction-set of a reconfigurable architecture},
  SCHOOL =       {TU Delft},
  YEAR =         {2009},
  month =        {May},
}


@inproceedings{hartes,
author = {K.L.M. Bertels and G.K. Kuzmanov and E. Moscu Panainte and G. N. Gaydadjiev and Y. D. Yankova and V.M. Sima and K Sigdel and R. J. Meeuws and S. Vassiliadis },
title = {Profiling, Compilation, and HDL Generation within the hArtes Project},
year = {2007},
pages = {53-62},
month = {April },
booktitle = {FPGAs and Reconfigurable Systems: Adaptive Heterogeneous Systems-on-Chip and European Dimensions (DATE 07 Workshop)}
}

@article{zhao,
 author = {Zhao Zhang and Zhichun Zhu and Xiaodong Zhang},
 title = {Design and Optimization of Large Size and Low Overhead Off-Chip Caches},
 journal = {IEEE Trans. Comput.},
 volume = {53},
 number = {7},
 year = {2004},
 issn = {0018-9340},
 pages = {843--855},
 doi = {http://dx.doi.org/10.1109/TC.2004.27},
 publisher = {IEEE Computer Society},
 address = {Washington, DC, USA},
 }

@article{todman,
author = {T.J. Todman and et al.},
title = {Reconfigurable computing: architectures and design methods},
publisher = {IEE},
year = {2005},
journal = {IEE Proceedings - Computers and Digital Techniques},
volume = {152},
number = {2},
pages = {193-207},
keywords = {reconfigurable computing; reconfigurable architectures; reconfigurable design methods; Alters Strafix II; Xilinx Virtex 4 FPGA device; general-purpose design methods; special-purpose design methods},
url = {http://link.aip.org/link/?ICE/152/193/1},
doi = {10.1049/ip-cdt:20045086}
}

@article{compton,
 author = {Compton, Katherine and Hauck, Scott},
 title = {Reconfigurable computing: a survey of systems and software},
 journal = {ACM Comput. Surv.},
 volume = {34},
 number = {2},
 year = {2002},
 issn = {0360-0300},
 pages = {171--210},
 doi = {http://doi.acm.org/10.1145/508352.508353},
 publisher = {ACM},
 address = {New York, NY, USA},
 }

@article{mangione,
 author = {Mangione-Smith, William H. and Hutchings, Brad and Andrews, David and DeHon, Andr\'{e} and Ebeling, Carl and Hartenstein, Reiner and Mencer, Oskar and Morris, John and Palem, Krishna and Prasanna, Viktor K. and Spaanenburg, Henk A. E.},
 title = {Seeking Solutions in Configurable Computing},
 journal = {Computer},
 volume = {30},
 number = {12},
 year = {1997},
 issn = {0018-9162},
 pages = {38--43},
 doi = {http://dx.doi.org/10.1109/2.642810},
 publisher = {IEEE Computer Society Press},
 address = {Los Alamitos, CA, USA},
 }

 @article{andrews,
 author = {Andrews, David and Niehaus, Douglas and Ashenden, Peter},
 title = {Programming Models for Hybrid CPU/FPGA Chips},
 journal = {Computer},
 volume = {37},
 number = {1},
 year = {2004},
 issn = {0018-9162},
 pages = {118--120},
 doi = {http://dx.doi.org/10.1109/MC.2004.1260732},
 publisher = {IEEE Computer Society Press},
 address = {Los Alamitos, CA, USA},
 }

@inproceedings{yan,
  author    = {Rong Yan and Seth Copen Goldstein},
  title     = {Mobile Memory: Improving Memory Locality in Very Large Reconfigurable Fabrics},
  booktitle = {FCCM},
  year      = {2002},
  pages     = {195-204},
  ee        = {http://csdl.computer.org/comp/proceedings/fccm/2002/1801/00/18010195abs.htm},
  crossref  = {DBLP:conf/fccm/2002},
  bibsource = {DBLP, http://dblp.uni-trier.de}
}

@book{hauck,
 author = {Hauck, Scott and DeHon, Andre},
 title = {Reconfigurable Computing: The Theory and Practice of FPGA-Based Computation},
 year = {2007},
 isbn = {0123705223, 9780123705228},
 publisher = {Morgan Kaufmann Publishers Inc.},
 address = {San Francisco, CA, USA},
 }

@inproceedings{tquad,
author = {S. A. Ostadzadeh and M Corina and C. Galuzzi and K.L.M. Bertels },
title = {{tQUAD} - Memory Bandwidth Usage Analysis},
year = {2010},
pages = {217-226},
month = {September },
booktitle = {ICPP 2010}
}



@Article{eager,
author = {Michael J. Eager},
title = {Introduction to the {DWARF} debugging format},
year = {2007},
month = {February},
url = {http://dwarfstd.org/doc/Debugging\%20using\%20DWARF.pdf}
}

@article{davea,
author = {David Anderson},
title = {A Consumer Library Interface to DWARF},
year = {2010},
month = {February},
url = {http://reality.sgiweb.org/davea/dwarf.html}
}

@article{dwarf,
author = {Unix International, Inc.},
title = {{DWARF} Debugging Information Format, Vesion 2},
year = {1993},
month = {July},
url = {http://www.dwarfstd.org}
}


@inproceedings{memtracker,
 author = {Venkataramani, Guru and Roemer, Brandyn and Solihin, Yan and Prvulovic, Milos},
 title = {MemTracker: Efficient and Programmable Support for Memory Access Monitoring and Debugging},
 booktitle = {HPCA '07: Proceedings of the 2007 IEEE 13th International Symposium on High Performance Computer Architecture},
 year = {2007},
 isbn = {1-4244-0804-0},
 pages = {273--284},
 doi = {http://dx.doi.org/10.1109/HPCA.2007.346205},
 publisher = {IEEE Computer Society},
 address = {Washington, DC, USA},
 }


@article{memFortran,
  author    = {Orlie Brewer and
               Jack Dongarra and
               Danny C. Sorensen},
  title     = {Tools to aid in the analysis of memory access patterns for
               FORTRAN programs},
  journal   = {Parallel Computing},
  volume    = {9},
  number    = {1},
  year      = {1988},
  pages     = {25-35},
}

@inproceedings{memAlpha,
 author = {Balle, Susanne M. and Steely,Jr., Simon C.},
 title = {Memory Access Profiling Tools for Alpha-based Architectures},
 booktitle = {PARA '98: Proceedings of the 4th International Workshop on Applied Parallel Computing, Large Scale Scientific and Industrial Problems},
 year = {1998},
 isbn = {3-540-65414-3},
 pages = {28--37},
 publisher = {Springer-Verlag},
 address = {London, UK},
 }

@inproceedings{embla,
 author = {Fax\'{e}n, Karl-Filip and Popov, Konstantin and Jansson, Sverker and Albertsson, Lars},
 title = {Embla - Data Dependence Profiling for Parallel Programming},
 booktitle = {CISIS '08: Proceedings of the 2008 International Conference on Complex, Intelligent and Software Intensive Systems},
 year = {2008},
 isbn = {978-0-7695-3109-0},
 pages = {780--785},
 doi = {http://dx.doi.org/10.1109/CISIS.2008.52},
 publisher = {IEEE Computer Society},
 address = {Washington, DC, USA},
 }


@book{hennessy,
    author = {Hennessy, John L. and Patterson, David A.},
    howpublished = {Hardcover},
    keywords = {algorithms, books, concurrency-control, design, hardware, multithreading, numa, operating-systems, performance, power-efficiency, processor-design, realtime, throughput},
    month = {May},
    posted-at = {2007-01-08 12:40:38},
    priority = {0},
    publisher = {{Morgan Kaufmann}},
    title = {Computer Architecture: A Quantitative Approach (The Morgan Kaufmann Series in Computer Architecture and Design)},
    year = {2007}
}


@article{berkhout,
    author = {Berkhout, A. J. and de Vries, D. and Vogel, P.},
    journal = {The Journal of the Acoustical Society of America},
    number = {5},
    pages = {2764--2778},
    publisher = {ASA},
    title = {Acoustic control by wave field synthesis},
    volume = {93},
    year = {1993}
}

@inproceedings{profileme,
 author = {Dean, Jeffrey and Hicks, James E. and Waldspurger, Carl A. and Weihl, William E. and Chrysos, George},
 title = {ProfileMe: hardware support for instruction-level profiling on out-of-order processors},
 booktitle = {Proceedings of the 30th annual ACM/IEEE international symposium on Microarchitecture},
 series = {MICRO 30},
 year = {1997},
 pages = {292--302},
 numpages = {11},
} 


@article{Ball,
 author = {Ball, Thomas and Larus, James R.},
 title = {Optimally profiling and tracing programs},
 journal = {ACM Trans. Program. Lang. Syst.},
 volume = {16},
 issue = {4},
 month = {July},
 year = {1994},
 issn = {0164-0925},
 pages = {1319--1360},
 publisher = {ACM},
}

@techreport{Cmelik,
 author = {Cmelik, Robert F.},
 title = {SpixTools: Introduction and User's Manual},
 year = {1993},
 publisher = {Sun Microsystems, Inc.},
 address = {Mountain View, CA, USA},
 institution = {Sun Microsystems Inc.}
}

@article{memspy,
 author = {Martonosi, Margaret and Gupta, Anoop and Anderson, Thomas},
 title = {MemSpy: analyzing memory system bottlenecks in programs},
 journal = {SIGMETRICS Perform. Eval. Rev.},
 volume = {20},
 number = {1},
 year = {1992},
 issn = {0163-5999},
 pages = {1--12},
 doi = {http://doi.acm.org/10.1145/149439.133079},
 publisher = {ACM},
 address = {New York, NY, USA},
 }
 
@techreport{tango,
 author = {Davis, Helen and Goldschmidt, Stephen R.},
 title = {Tango: A Multiprocessor Simulation and Tracing System},
 year = {1990},
 source = {http://www.ncstrl.org:8900/ncstrl/servlet/search?formname=detail\&id=oai%3Ancstrlh%3Astan%3ASTAN%2F%2FCSL-TR-90-439},
 institution = {Stanford University},
 address = {Stanford, CA, USA},
}

@ARTICLE{alvin,
    author = {Alvin R. Lebeck and David A. Wood},
    title = {Cache Profiling and the SPEC Benchmarks: A Case Study},
    journal = {IEEE Computer},
    year = {1994},
    volume = {27},
    pages = {15--26}
}

@Article{mtv,
  author =  {A.N.M.~Imroz Choudhury and Kristin C.~Potter and Steven G.~Parker},
  title =   {Interactive Visualization for Memory Reference Traces},
  journal = {Computer Graphics Forum},
  month =   {May},
  year =    {2008},
  volume =  {27},
  number =  {3},
  pages =   {815--822}
}

@MISC{CoSySite,
  author = {{ACE Associated Compiler Experts}},
  title = {CoSy: Compiler System},
  url = "{http://www.ace.nl}",
}

@inproceedings{threadSanitizer,
    author = {Serebryany, Konstantin and Iskhodzhanov, Timur},
    address = {New York, {NY}, {USA}},
    booktitle = {{WBIA}},
    title = {{ThreadSanitizer}: Data Race Detection in Practice},
    isbn = {978-1-60558-793-6},
    doi = {10.1145/1791194.1791203},
    publisher = {{ACM}},
    year = {2009},
    pages = {62--71},
}

@inproceedings{threadSanitizerLong,
    author = {Serebryany, Konstantin and Iskhodzhanov, Timur},
    address = {New York, {NY}, {USA}},
    series = {{WBIA} '09},
    title = {{ThreadSanitizer}: Data Race Detection in Practice},
    isbn = {978-1-60558-793-6},
    shorttitle = {{ThreadSanitizer}},
    url = {http://doi.acm.org/10.1145/1791194.1791203},
    doi = {10.1145/1791194.1791203},
    booktitle = {Proceedings of the Workshop on Binary Instrumentation and Applications},
    publisher = {{ACM}},
    year = {2009},
    pages = {62--71},
}

@inproceedings{addressSanitizer,
    address = {Berkeley, {CA}, {USA}},
    booktitle = {{USENIX} {ATC}'12},
    title = {{AddressSanitizer}: A Fast Address Sanity Checker},
    author = {Serebryany, Konstantin and Bruening, Derek and Potapenko, Alexander and Vyukov, Dmitry},
    year = {2012},
}

@inproceedings{addressSanitizerLong,
    address = {Berkeley, {CA}, {USA}},
    series = {{USENIX} {ATC}'12},
    title = {{AddressSanitizer}: A Fast Address Sanity Checker},
    shorttitle = {{AddressSanitizer}},
    url = {{http://dl.acm.org/citation.cfm?id=2342821.2342849}},
    urldate = {2014-06-17},
    booktitle = {Proceedings of the 2012 {USENIX} Conference on Annual Technical Conference},
    publisher = {{USENIX} Association},
    author = {Serebryany, Konstantin and Bruening, Derek and Potapenko, Alexander and Vyukov, Dmitry},
    year = {2012},
    pages = {28--28},
}

@inproceedings{shadowByte,
    address = {New York, {NY}, {USA}},
    series = {{VEE}},
    title = {How to Shadow Every Byte of Memory Used by a Program},
    isbn = {978-1-59593-630-1},
    doi = {10.1145/1254810.1254820},
    publisher = {{ACM}},
    author = {Nethercote, Nicholas and Seward, Julian},
    year = {2007},
    pages = {65--74},
}

inproceedings{shadowByte,
    address = {New York, {NY}, {USA}},
    series = {{VEE} '07},
    title = {How to Shadow Every Byte of Memory Used by a Program},
    isbn = {978-1-59593-630-1},
    url = {http://doi.acm.org/10.1145/1254810.1254820},
    doi = {10.1145/1254810.1254820},
    urldate = {2014-06-17},
    booktitle = {Proceedings of the 3rd International Conference on Virtual Execution Environments},
    publisher = {{ACM}},
    author = {Nethercote, Nicholas and Seward, Julian},
    year = {2007},
    pages = {65--74},
}

